<?xml version="1.0" encoding="UTF-8"?><collection xmlns="http://www.loc.gov/MARC21/slim"><record><leader>00482nam--2200133-i-4500</leader><controlfield tag="001">000041753</controlfield><controlfield tag="002">20161230</controlfield><controlfield tag="005">20161230201043</controlfield><controlfield tag="008">060222s1000------------r-----000-0-eng-d</controlfield><datafield ind1=" " ind2=" " tag="080"><subfield code="a">530.12:530.1(061.3)</subfield></datafield><datafield ind1=" " ind2=" " tag="245"><subfield code="a">Sistemi gravitazionali isolati in relativista generale. varenna sul lago di come villa monastero, 28 giugno-10 kuglio 1976</subfield></datafield><datafield ind1=" " ind2=" " tag="260"><subfield code="a">Bologna, Societa Italiana De Fisica, 1979. Xi + 497 P</subfield></datafield><datafield ind1=" " ind2=" " tag="490"><subfield code="a">Rendiconti Della Scuola Ind.Di Fisica Enrico Fermi</subfield></datafield><datafield ind1=" " ind2=" " tag="852"><subfield code="a">1874</subfield></datafield></record></collection>